@Misc{ wei:2007,
	author = "Karsten Weicker",
	title = "Skript zur Vorlesung Algorithmen und Datenstrukturen",
	year = "2007"
}